<?xml version="1.0" encoding="UTF-8"?><collection xmlns="http://www.loc.gov/MARC21/slim"><record><leader>00402nam--2200145-i-4500</leader><controlfield tag="001">000009894</controlfield><controlfield tag="002">20161230</controlfield><controlfield tag="005">20170221011551</controlfield><controlfield tag="008">060222s1000------------r-----000-0-eng-d</controlfield><datafield ind1=" " ind2=" " tag="245"><subfield code="a">Nmr. basic principles and progress. Grundlagen und fortschritte</subfield></datafield><datafield ind1=" " ind2=" " tag="260"><subfield code="a">Berlin</subfield><subfield code="b">Springer-Verlag</subfield><subfield code="c">1969</subfield></datafield><datafield ind1=" " ind2=" " tag="300"><subfield code="a">309 p</subfield></datafield><datafield ind1=" " ind2=" " tag="700"><subfield code="a">Fluck, Kosfeld R</subfield></datafield><datafield ind1=" " ind2=" " tag="852"><subfield code="a">539.19:539.143.43</subfield></datafield><datafield ind1=" " ind2=" " tag="CAT"><subfield code="a">SYS</subfield><subfield code="c">20170221</subfield><subfield code="h">011551</subfield></datafield></record></collection>